<record><leader>00000cas a22000007a 4500</leader><controlfield tag="001">15257302</controlfield><controlfield tag="008">870302c19369999wiuwr ne      0    0eng d</controlfield><datafield ind1=" " ind2=" " tag="010"><subfield code="a">sn 87082112 </subfield></datafield><datafield ind1=" " ind2=" " tag="040"><subfield code="a">NPV</subfield><subfield code="b">eng</subfield><subfield code="c">NPV</subfield><subfield code="d">OCLCQ</subfield></datafield><datafield ind1=" " ind2=" " tag="042"><subfield code="a">msc</subfield></datafield><datafield ind1="0" ind2="4" tag="245"><subfield code="a">The Lake Geneva regional news.</subfield></datafield><datafield ind1=" " ind2=" " tag="260"><subfield code="a">Lake Geneva, Wis. :</subfield><subfield code="b">Home News Pub. Co.,</subfield><subfield code="c">1936-</subfield></datafield><datafield ind1=" " ind2=" " tag="300"><subfield code="a">v.</subfield></datafield><datafield ind1=" " ind2=" " tag="310"><subfield code="a">Weekly</subfield></datafield><datafield ind1="0" ind2=" " tag="362"><subfield code="a">Vol. 55, no. 12 (Mar. 19, 1936)-</subfield></datafield><datafield ind1=" " ind2=" " tag="500"><subfield code="a">Publisher varies.</subfield></datafield><datafield ind1=" " ind2=" " tag="752"><subfield code="a">United States</subfield><subfield code="b">Wisconsin</subfield><subfield code="c">Walworth</subfield><subfield code="d">Lake Geneva.</subfield></datafield><datafield ind1=" " ind2=" " tag="752"><subfield code="a">United States</subfield><subfield code="b">Wisconsin</subfield><subfield code="c">Walworth</subfield><subfield code="d">Como.</subfield></datafield><datafield ind1=" " ind2=" " tag="752"><subfield code="a">United States</subfield><subfield code="b">Wisconsin</subfield><subfield code="c">Walworth</subfield><subfield code="d">Genoa City.</subfield></datafield><datafield ind1=" " ind2=" " tag="752"><subfield code="a">United States</subfield><subfield code="b">Wisconsin</subfield><subfield code="c">Walworth</subfield><subfield code="d">Pell Lake.</subfield></datafield><datafield ind1=" " ind2=" " tag="752"><subfield code="a">United States</subfield><subfield code="b">Wisconsin</subfield><subfield code="c">Walworth</subfield><subfield code="d">Fontana.</subfield></datafield><datafield ind1=" " ind2=" " tag="752"><subfield code="a">United States</subfield><subfield code="b">Wisconsin</subfield><subfield code="c">Walworth</subfield><subfield code="d">Williams Bay.</subfield></datafield><datafield ind1=" " ind2=" " tag="752"><subfield code="a">United States</subfield><subfield code="b">Wisconsin</subfield><subfield code="c">Walworth</subfield><subfield code="d">Zenda.</subfield></datafield><datafield ind1="0" ind2="0" tag="780"><subfield code="t">Regional news (Lake Geneva, Wis.)</subfield><subfield code="w">(DLC)sn 87082111</subfield></datafield></record>